@inproceedings{zaharia2010,
  author    = {M. Zaharia and M. Chowdhury and M. J. Franklin and S. Shenker and I. Stoica},
  title     = {Spark: Cluster computing with working sets},
  booktitle = {2nd USENIX Workshop on Hot Topics in Cloud Computing (HotCloud 10)},
  year      = {2010}
}

@online{spark,
  author = {{Apache Software Foundation}},
  title  = {Apache Spark},
  url    = {https://spark.apache.org/documentation.html},
  year   = {2023},
  note   = {Accessed: 2024-01-06}
}

@article{dean2008,
  author  = {J. Dean and S. Ghemawat},
  title   = {Mapreduce: Simplified data processing on large clusters},
  journal = {Commun. ACM},
  volume  = {51},
  number  = {1},
  pages   = {107--113},
  year    = {2008},
  month   = {1}
}

@article{zeller2002,
  author  = {A. Zeller and R. Hildebrandt},
  title   = {Simplifying and isolating failure-inducing input},
  journal = {IEEE Transactions on Software Engineering},
  volume  = {28},
  number  = {2},
  pages   = {183--200},
  year    = {2002}
}

@inproceedings{misherghi2006,
  author    = {G. Misherghi and Z. Su},
  title     = {HDD: Hierarchical delta debugging},
  booktitle = {Proceedings of the 28th International Conference on Software Engineering},
  pages     = {142--151},
  year      = {2006}
}

@inproceedings{kirschner2020,
  author    = {L. Kirschner and E. Soremekun and A. Zeller},
  title     = {Debugging inputs},
  booktitle = {Proceedings of the ACM/IEEE 42nd International Conference on Software Engineering},
  pages     = {75--86},
  year      = {2020}
}

@inproceedings{clause2009,
  author    = {J. Clause and A. Orso},
  title     = {Penumbra: Automatically identifying failure-relevant inputs using dynamic tainting},
  booktitle = {Proceedings of the Eighteenth International Symposium on Software Testing and Analysis},
  pages     = {249--260},
  year      = {2009}
}

@inproceedings{gulzar2018,
  author    = {M. A. Gulzar and S. Wang and M. Kim},
  title     = {BigSift: Automated debugging of big data analytics in data-intensive scalable computing},
  booktitle = {Proceedings of the 2018 26th ACM Joint Meeting on European Software Engineering Conference and Symposium on the Foundations of Software Engineering},
  pages     = {863--866},
  year      = {2018}
}

@inproceedings{interlandi2015,
  author    = {M. Interlandi and K. Shah and S. D. Tetali and M. A. Gulzar and S. Yoo and M. Kim and T. Millstein and T. Condie},
  title     = {Titian: Data provenance support in Spark},
  booktitle = {Proceedings of the VLDB Endowment International Conference on Very Large Data Bases},
  volume    = {9},
  pages     = {216},
  year      = {2015}
}

@inproceedings{gulzar2019,
  author    = {M. A. Gulzar and S. Mardani and M. Musuvathi and M. Kim},
  title     = {White-box testing of big data analytics with complex user-defined functions},
  booktitle = {Proceedings of the 2019 27th ACM Joint Meeting on European Software Engineering Conference and Symposium on the Foundations of Software Engineering},
  pages     = {290--301},
  year      = {2019}
}

@inproceedings{humayun2023,
  author    = {A. Humayun and M. Kim and M. A. Gulzar},
  title     = {Co-dependence aware fuzzing for dataflow-based big data analytics},
  booktitle = {Proceedings of the 31st ACM Joint Meeting on European Software Engineering Conference and Symposium on the Foundations of Software Engineering},
  year      = {2023}
}

@inproceedings{zhang2021,
  author    = {Q. Zhang and J. Wang and M. A. Gulzar and R. Padhye and M. Kim},
  title     = {BigFuzz: Efficient fuzz testing for data analytics using framework abstraction},
  booktitle = {Proceedings of the 35th IEEE/ACM International Conference on Automated Software Engineering},
  pages     = {722--733},
  year      = {2021}
}

M. A. Gulzar, M. Interlandi, X. Han, M. Li, T. Condie and M. Kim, "Automated Debugging in Data-Intensive Scalable Computing," in SoCC '17: Proceedings of the 2017 Symposium on Cloud Computing, California, 2017. 
M. A. Gulzar, M. Musuvathi and M. Kim, "BigTest: A Symbolic Execution Based Systematic Test Generation Tool for Apache Spark," in ICSE '20: Proceedings of the ACM/IEEE 42nd International Conference on Software Engineering, Seoul, 2020. 
M. A. Dantas, "Data Intensive Scalable Computing (DISC)," in Proceedings of the Regional School of High Performance Computing from Sao Paulo (ERAD-SP), Sao Paulo, 2020. 
I. Dragan, G. Iuhasz and D. Petcu, "A Scalable Platform for Monitoring Data Intensive Applications," J Grid Computing, 2019. 

E. Shaikh, I. Mohiuddin, Y. Alufaisan and I. Nahvi, "Apache Spark: A Big Data Processing Engine," 2019 2nd IEEE Middle East and North Africa COMMunications Conference (MENACOMM), 2019. 
HuggingFace, "Hugging Face Hub," 2023. [Online]. Available: https://huggingface.co/docs/hub/index. [Accessed 29 December 2023].
T. Wolf and etc, "HuggingFace's Transformers: State-of-the-art Natural Language Processing," Computer Science: Computation and Language, 2020. 
HuggingFace, "Inference API," [Online]. Available: https://huggingface.co/docs/api-inference/index. [Accessed 6 January 2024].
Microsoft Azure, "Hugging Face in Azure," 2024. [Online]. Available: https://azure.microsoft.com/id-id/solutions/hugging-face-on-azure. [Accessed 6 January 2024].
F. Fajri, B. Tutuko and S. Sukemi, "Membandingkan Nilai Akurasi BERT dan DistilBERT pada Dataset Twitter," Jurnal Sistem Informasi, vol. VIII, no. 2, pp. 71-80, 2022. 
Tiangolo, "FastAPI," 2023. [Online]. Available: https://github.com/tiangolo/fastapi. [Accessed 29 December 2023].
P. Bansal, A. Ouda and etc, "Study on Integration of FastAPI and Machine Learning for Continuous Authentication of Behavioral Biometrics," 2022 International Symposium on Networks, Computers and Communications (ISNCC), 2022. 
U. M. Kotha, H. Gaddam, D. R. Siddenki and S. Saleti, "A comparison of various machine learning algorithms and execution of flask deployment on essay grading," International Journal of Electrical and Computer Engineering, 2023. 
D. Vohra, "Using Amazon EC2," in Pro Docker, Pro Docker, 2016. 
L. Kumar, Pooja and P. Kumar, "Amazon EC2: (Elastic Compute Cloud) Overview," in Proceedings of Integrated Intelligence Enable Networks and Computing , Springer, Singapore, 2021. 
A. Sharma, F. Khan, D. Sharma and D. S. Gupta, "Python: The Programming Language of Future," International Journal of Innovative Research in Technology, 2020. 
S. Laddad and K. Sen, "ScalaPy: seamless Python interoperability for cross-platform Scala programs," in SCALA 2020: Proceedings of the 11th ACM SIGPLAN International Symposium on Scala, 2020. 
V. Pankratius, F. Schmidt and G. Garret√≥n, "Combining functional and imperative programming for multicore software: An empirical study evaluating Scala and Java," in 2012 34th International Conference on Software Engineering (ICSE), Zurich, Switzerland, 2012. 
S. Papadimitriou, K. Terzidis, S. Mavroudi and S. Likothanassis, "ScalaLab: An Effective Scala-Based Scientific Programming Environment for Java," Computing in Science & Engineering, 2011. 


@inproceedings{gulzar2017,
  author    = {M. A. Gulzar and M. Interlandi and X. Han and M. Li and T. Condie and M. Kim},
  title     = {Automated Debugging in Data-Intensive Scalable Computing},
  booktitle = {Proceedings of the 2017 Symposium on Cloud Computing},
  year      = {2017}
}

@inproceedings{gulzar2020,
  author    = {M. A. Gulzar and M. Musuvathi and M. Kim},
  title     = {BigTest: A Symbolic Execution Based Systematic Test Generation Tool for Apache Spark},
  booktitle = {Proceedings of the ACM/IEEE 42nd International Conference on Software Engineering},
  year      = {2020}
}

@article{buzea2022,
  author  = {M. C. Buzea and S. Trausan-Matu and T. Rebedea},
  title   = {Automatic Romanian Text Generation using GPT-2},
  journal = {UPB Scientific Bulletin, Series C: Electrical Engineering},
  volume  = {84},
  number  = {1},
  year    = {2022}
}

@inproceedings{dantas2020,
  author    = {M. A. Dantas},
  title     = {Data Intensive Scalable Computing (DISC)},
  booktitle = {Proceedings of the Regional School of High Performance Computing from Sao Paulo (ERAD-SP)},
  year      = {2020}
}

@article{dragan2019,
  author  = {I. Dragan and G. Iuhasz and D. Petcu},
  title   = {A Scalable Platform for Monitoring Data Intensive Applications},
  journal = {J Grid Computing},
  year    = {2019}
}

@inproceedings{shaikh2019,
  author    = {E. Shaikh and I. Mohiuddin and Y. Alufaisan and I. Nahvi},
  title     = {Apache Spark: A Big Data Processing Engine},
  booktitle = {2019 2nd IEEE Middle East and North Africa COMMunications Conference (MENACOMM)},
  year      = {2019}
}

@online{huggingface,
  author = {{HuggingFace}},
  title  = {Hugging Face Hub},
  url    = {https://huggingface.co/docs/hub/index},
  year   = {2023},
  note   = {Accessed: 2023-12-29}
}

@article{wolf2020,
  author  = {T. Wolf and etc},
  title   = {HuggingFace's Transformers: State-of-the-art Natural Language Processing},
  journal = {Computer Science: Computation and Language},
  year    = {2020}
}

@online{inference,
  author = {{HuggingFace}},
  title  = {Inference API},
  url    = {https://huggingface.co/docs/api-inference/index},
  year   = {2023},
  note   = {Accessed: 2024-01-06}
}

@online{azure,
  author = {{Microsoft Azure}},
  title  = {Hugging Face in Azure},
  url    = {https://azure.microsoft.com/id-id/solutions/hugging-face-on-azure},
  year   = {2024},
  note   = {Accessed: 2024-01-06}
}

@article{fajri2022,
  author  = {F. Fajri and B. Tutuko and S. Sukemi},
  title   = {Membandingkan Nilai Akurasi BERT dan DistilBERT pada Dataset Twitter},
  journal = {Jurnal Sistem Informasi},
  volume  = {VIII},
  number  = {2},
  pages   = {71--80},
  year    = {2022}
}

@online{fastapi,
  author = {{Tiangolo}},
  title  = {FastAPI},
  url    = {https://github.com/tiangolo/fastapi},
  year   = {2023},
  note   = {Accessed: 2023-12-29}
}

@inproceedings{bansal2022,
  author    = {P. Bansal and A. Ouda and etc},
  title     = {Study on Integration of FastAPI and Machine Learning for Continuous Authentication of Behavioral Biometrics},
  booktitle = {2022 International Symposium on Networks, Computers and Communications (ISNCC)},
  year      = {2022}
}

@article{kotha2023,
  author  = {U. M. Kotha and H. Gaddam and D. R. Siddenki and S. Saleti},
  title   = {A comparison of various machine learning algorithms and execution of flask deployment on essay grading},
  journal = {International Journal of Electrical and Computer Engineering},
  year    = {2023}
}

@inproceedings{vohra2016,
  author    = {D. Vohra},
  title     = {Using Amazon EC2},
  booktitle = {Pro Docker},
  year      = {2016}
}

@inproceedings{kumar2021,
  author    = {L. Kumar and Pooja and P. Kumar},
  title     = {Amazon EC2: (Elastic Compute Cloud) Overview},
  booktitle = {Proceedings of Integrated Intelligence Enable Networks and Computing},
  year      = {2021}
}

@article{sharma2020,
  author  = {A. Sharma and F. Khan and D. Sharma and D. S. Gupta},
  title   = {Python: The Programming Language of Future},
  journal = {International Journal of Innovative Research in Technology},
  year    = {2020}
}

@inproceedings{laddad2020,
  author    = {S. Laddad and K. Sen},
  title     = {ScalaPy: seamless Python interoperability for cross-platform Scala programs},
  booktitle = {Proceedings of the 11th ACM SIGPLAN International Symposium on Scala},
  year      = {2020}
}

@inproceedings{pankratius2012,
  author    = {V. Pankratius and F. Schmidt and G. Garret√≥n},
  title     = {Combining functional and imperative programming for multicore software: An empirical study evaluating Scala and Java},
  booktitle = {2012 34th International Conference on Software Engineering (ICSE)},
  address   = {Zurich, Switzerland},
  year      = {2012}
}

@article{papadimitriou2011,
  author  = {S. Papadimitriou and K. Terzidis and S. Mavroudi and S. Likothanassis},
  title   = {ScalaLab: An Effective Scala-Based Scientific Programming Environment for Java},
  journal = {Computing in Science \& Engineering},
  year    = {2011}
}



